<?xml version="1.0" encoding="UTF-8"?><collection xmlns="http://www.loc.gov/MARC21/slim"><record><leader>00438nam--2200133-i-4500</leader><controlfield tag="001">000002127</controlfield><controlfield tag="002">20161230</controlfield><controlfield tag="005">20161230201024</controlfield><controlfield tag="008">060222s1000------------r-----000-0-eng-d</controlfield><datafield ind1=" " ind2=" " tag="100"><subfield code="a">Franz, W</subfield></datafield><datafield ind1=" " ind2=" " tag="245"><subfield code="a">Theorie der elektrischen leitvorgange in halbeleitern und isoloerenden festkorpern bei hohenelektrischen feldern</subfield></datafield><datafield ind1=" " ind2=" " tag="260"><subfield code="a">Koln, Westdeutscher Verlag, 1955. 16 P. Cu Fig</subfield></datafield><datafield ind1=" " ind2=" " tag="490"><subfield code="a">Forschungsberichte Des Wirschafts</subfield></datafield><datafield ind1=" " ind2=" " tag="852"><subfield code="a">11950</subfield></datafield></record></collection>